
@article{abeysuriya2020preventing,
  title={Preventing a cluster from becoming a new wave in settings with zero community COVID-19 cases},
  author={Abeysuriya, Romesh G and Delport, Dominic and Stuart, Robyn M and Sacks-Davis, Rachel and Kerr, Cliff C and Mistry, Dina and Klein, Daniel J and Hellard, Margaret and Scott, Nick},
  journal={BMC infectious diseases},
  volume={22},
  number={1},
  pages={1--15},
  year={2022},
  publisher={BioMed Central}
}


@article{rambaut2020dynamic,
  title={A dynamic nomenclature proposal for SARS-CoV-2 lineages to assist genomic epidemiology},
  author={Rambaut, Andrew and Holmes, Edward C and O’Toole, {\'A}ine and Hill, Verity and McCrone, John T and Ruis, Christopher and du Plessis, Louis and Pybus, Oliver G},
  journal={Nature microbiology},
  volume={5},
  number={11},
  pages={1403--1407},
  year={2020},
  publisher={Nature Publishing Group}
}

@article{layton2022ontario,
  title={Understanding the dynamics of SARS-CoV-2 variants of concern in Ontario, Canada: A modeling study},
  author={Layton, Anita T and Sadria, Mehrshad},
  journal={Scientific reports},
  volume={12},
  number={1},
  pages={1--16},
  year={2022},
  publisher={Nature Publishing Group}
}

@article{mah2022social,
  title={Social vulnerability indices: A pragmatic tool for COVID-19 policy and beyond},
  author={Mah, Jasmine C and Andrew, Melissa K},
  journal={The Lancet Regional Health--Europe},
  volume={14},
  year={2022},
  publisher={Elsevier}
}

@article{karmakar2021association_us,
  title={Association of social and demographic factors with COVID-19 incidence and death rates in the US},
  author={Karmakar, Monita and Lantz, Paula M and Tipirneni, Renuka},
  journal={JAMA network open},
  volume={4},
  number={1},
  pages={e2036462--e2036462},
  year={2021},
  publisher={American Medical Association}
}

@article{ramos2021modeling,
  title={Modeling the impact of SARS-CoV-2 variants and vaccines on the spread of COVID-19},
  author={Ramos, AM and Vela-P{\'e}rez, M and Ferr{\'a}ndez, MR and Kubik, AB and Ivorra, B},
  journal={Communications in Nonlinear Science and Numerical Simulation},
  volume={102},
  pages={105937},
  year={2021},
  publisher={Elsevier}
}

@article{ong2021lack,
  title={Lack of detail in population-level data impedes analysis of SARS-CoV-2 variants of concern and clinical outcomes},
  author={Ong, Sean Wei Xiang and Young, Barnaby Edward and Lye, David Chien},
  journal={The Lancet Infectious Diseases},
  volume={21},
  number={9},
  pages={1195--1197},
  year={2021},
  publisher={Elsevier}
}


@article{dassarma2022challenges,
  title={Challenges in Establishing Vaccine Induced Herd Immunity through Age Specific Community Vaccinations},
  author={Dassarma, Barsha and Tripathy, Satyajit and Chabalala, Matimbha and Matsabisa, Motlalepula Gilbert},
  journal={Aging and disease},
  volume={13},
  number={1},
  pages={29},
  year={2022},
  publisher={JKL International LLC}
}


@article{wilder2022vaccine,
  title={What is the vaccine effect on reducing transmission in the context of the SARS-CoV-2 delta variant?},
  author={Wilder-Smith, Annelies},
  journal={The Lancet Infectious Diseases},
  volume={22},
  number={2},
  pages={152--153},
  year={2022},
  publisher={Elsevier}
}


@article{harris2021effect,
  title={Effect of vaccination on household transmission of SARS-CoV-2 in England},
  author={Harris, Ross J and Hall, Jennifer A and Zaidi, Asad and Andrews, Nick J and Dunbar, J Kevin and Dabrera, Gavin},
  journal={New England Journal of Medicine},
  volume={385},
  number={8},
  pages={759--760},
  year={2021},
  publisher={Mass Medical Soc}
}


@article{funk2021characteristics,
  title={Characteristics of SARS-CoV-2 variants of concern B. 1.1. 7, B. 1.351 or P. 1: data from seven EU/EEA countries, weeks 38/2020 to 10/2021},
  author={Funk, Tjede and Pharris, Anastasia and Spiteri, Gianfranco and Bundle, Nick and Melidou, Angeliki and Carr, Michael and Gonzalez, Gabriel and Garcia-Leon, Alejandro and Crispie, Fiona and O’Connor, Lois and others},
  journal={Eurosurveillance},
  volume={26},
  number={16},
  pages={2100348},
  year={2021},
  publisher={European Centre for Disease Prevention and Control}
}

@article{bager2021risk,
  title={Risk of hospitalisation associated with infection with SARS-CoV-2 lineage B. 1.1. 7 in Denmark: an observational cohort study},
  author={Bager, Peter and Wohlfahrt, Jan and Fonager, Jannik and Rasmussen, Morten and Albertsen, Mads and Michaelsen, Thomas Yssing and M{\o}ller, Camilla Holten and Ethelberg, Steen and Legarth, Rebecca and Button, Mia Sarah Fischer and others},
  journal={The Lancet Infectious Diseases},
  volume={21},
  number={11},
  pages={1507--1517},
  year={2021},
  publisher={Elsevier}
}

@article{graham2021changes,
  title={Changes in symptomatology, reinfection, and transmissibility associated with the SARS-CoV-2 variant B. 1.1. 7: an ecological study},
  author={Graham, Mark S and Sudre, Carole H and May, Anna and Antonelli, Michela and Murray, Benjamin and Varsavsky, Thomas and Kl{\"a}ser, Kerstin and Canas, Liane S and Molteni, Erika and Modat, Marc and others},
  journal={The Lancet Public Health},
  volume={6},
  number={5},
  pages={e335--e345},
  year={2021},
  publisher={Elsevier}
}


@article{mlcochova2021sars,
  title={SARS-CoV-2 B. 1.617. 2 Delta variant replication and immune evasion},
  author={Mlcochova, Petra and Kemp, Steven A and Dhar, Mahesh Shanker and Papa, Guido and Meng, Bo and Ferreira, Isabella ATM and Datir, Rawlings and Collier, Dami A and Albecka, Anna and Singh, Sujeet and others},
  journal={Nature},
  volume={599},
  number={7883},
  pages={114--119},
  year={2021},
  publisher={Nature Publishing Group}
}

@article{davies2021estimated,
  title={Estimated transmissibility and impact of SARS-CoV-2 lineage B. 1.1. 7 in England},
  author={Davies, Nicholas G and Abbott, Sam and Barnard, Rosanna C and Jarvis, Christopher I and Kucharski, Adam J and Munday, James D and Pearson, Carl AB and Russell, Timothy W and Tully, Damien C and Washburne, Alex D and others},
  journal={Science},
  volume={372},
  number={6538},
  pages={eabg3055},
  year={2021},
  publisher={American Association for the Advancement of Science}
}


@article{gostic2020practical,
  title={Practical considerations for measuring the effective reproductive number, R t},
  author={Gostic, Katelyn M and McGough, Lauren and Baskerville, Edward B and Abbott, Sam and Joshi, Keya and Tedijanto, Christine and Kahn, Rebecca and Niehus, Rene and Hay, James A and De Salazar, Pablo M and others},
  journal={PLoS computational biology},
  volume={16},
  number={12},
  pages={e1008409},
  year={2020},
  publisher={Public Library of Science San Francisco, CA USA}
}


@article{sanz-leon2021qldmodel,
  title={Risk of sustained SARS-CoV-2 transmission in Queensland, Australia},
  author={Sanz-Leon, Paula and Stevenson, Nathan J and Stuart, Robyn M and Abeysuriya, Romesh G and Pang, James C and Lambert, Stephen B and Kerr, Cliff C and Roberts, James A},
  journal={Scientific Reports},
  volume={12},
  number={1},
  pages={1--9},
  year={2022},
  publisher={Nature Publishing Group}
}

@article{adegboye2021change,
  title={Change in outbreak epicentre and its impact on the importation risks of {COVID-19} progression: A modelling study},
  author={Adegboye, Oyelola A and Adekunle, Adeshina I and Pak, Anton and Gayawan, Ezra and Leung, Denis HY and Rojas, Diana P and Elfaki, Faiz and McBryde, Emma S and Eisen, Damon P},
  journal={Travel Medicine and Infectious Disease},
  volume={40},
  pages={101988},
  year={2021},
  publisher={Elsevier}
}

@article{caldwella2021vaccines,
  title={Vaccines and variants: modelling insights into emerging issues in {COVID-19} epidemiology},
  author={Caldwella, Jamie M and Le, Xuan and McIntosh, Lorin and Meehan, Michael T and Ogunlade, Samson and Ragonnet, Romain and O'Neill, Genevieve K and Trauer, James and McBryde, Emma},
  journal={Paediatric Respiratory Reviews},
  month={September},
  volume={39},
  pages={32--39},
  year={2021},
  publisher={Elsevier}
}

@article{novavax2020phase,
  title={Phase 1--2 trial of a SARS-CoV-2 recombinant spike protein nanoparticle vaccine},
  author={Keech, Cheryl and Albert, Gary and Cho, Iksung and Robertson, Andreana and Reed, Patricia and Neal, Susan and Plested, Joyce S and Zhu, Mingzhu and Cloney-Clark, Shane and Zhou, Haixia and others},
  journal={New England Journal of Medicine},
  volume={383},
  number={24},
  pages={2320--2332},
  year={2020},
  publisher={Mass Medical Soc}
}

@article{novavax2020structural,
  title={Structural analysis of full-length SARS-CoV-2 spike protein from an advanced vaccine candidate},
  author={Bangaru, Sandhya and Ozorowski, Gabriel and Turner, Hannah L and Antanasijevic, Aleksandar and Huang, Deli and Wang, Xiaoning and Torres, Jonathan L and Diedrich, Jolene K and Tian, Jing-Hui and Portnoff, Alyse D and others},
  journal={Science},
  volume={370},
  number={6520},
  pages={1089--1094},
  year={2020},
  publisher={American Association for the Advancement of Science}
}

@article{novavax2021safety,
  title={Safety and immunogenicity of {SARS-CoV-2} recombinant protein vaccine formulations in healthy adults: interim results of a randomised, placebo-controlled, phase 1--2, dose-ranging study},
  author={Goepfert, Paul A and Fu, Bo and Chabanon, Anne-Laure and Bonaparte, Matthew I and Davis, Matthew G and Essink, Brandon J and Frank, Ian and Haney, Owen and Janosczyk, Helene and Keefer, Michael C and others},
  journal={The Lancet Infectious Diseases},
  year={2021},
  publisher={Elsevier}
}

@misc{novavax2021covid-uk-sa,
  title={Covid-19: Novavax vaccine efficacy is 86\% against UK variant and 60\% against South African variant},
  author={Mahase, Elisabeth},
  year={2021},
  publisher={British Medical Journal Publishing Group}
}

@article{pfizer2020safety,
  title={Safety and efficacy of the {BNT162b2 mRNA} {C}ovid-19 vaccine},
  author={Polack, Fernando P and Thomas, Stephen J and Kitchin, Nicholas and Absalon, Judith and Gurtman, Alejandra and Lockhart, Stephen and P{\'e}rez, John L and P{\'e}rez Marc, Gonzalo and Moreira, Edson D and Zerbini, Cristiano and others},
  journal={New England Journal of Medicine},
  volume={383},
  number={27},
  pages={2603--2615},
  year={2020},
  publisher={Mass Medical Soc}
}

@article{pfizer2020phase,
  title={Phase I/II study of COVID-19 RNA vaccine BNT162b1 in adults},
  author={Mulligan, Mark J and Lyke, Kirsten E and Kitchin, Nicholas and Absalon, Judith and Gurtman, Alejandra and Lockhart, Stephen and Neuzil, Kathleen and Raabe, Vanessa and Bailey, Ruth and Swanson, Kena A and others},
  journal={Nature},
  volume={586},
  number={7830},
  pages={589--593},
  year={2020},
  publisher={Nature Publishing Group}
}


@article{edwards2021,
  title={{COVID-19} vaccine hesitancy and resistance: Correlates in a nationally representative longitudinal survey of the Australian population},
  author={Edwards, Ben and Biddle, Nicholas and Gray, Matthew and Sollis, Kate},
  journal={PloS one},
  volume={16},
  number={3},
  pages={e0248892},
  year={2021},
  publisher={Public Library of Science San Francisco, CA USA}
}

@article{kerr2020covasim,
  title={Covasim: an agent-based model of COVID-19 dynamics and interventions},
  author={Kerr, Cliff C and Stuart, Robyn M and Mistry, Dina and Abeysuriya, Romesh G and Rosenfeld, Katherine and Hart, Gregory R and N{\'u}{\~n}ez, Rafael C and Cohen, Jamie A and Selvaraj, Prashanth and Hagedorn, Brittany and others},
  journal={PLOS Computational Biology},
  volume={17},
  number={7},
  pages={e1009149},
  year={2021},
  publisher={Public Library of Science San Francisco, CA USA}
}

@article{he2020relative,
  title={The relative transmissibility of asymptomatic COVID-19 infections among close contacts},
  author={He, Daihai and Zhao, Shi and Lin, Qianying and Zhuang, Zian and Cao, Peihua and Wang, Maggie H and Yang, Lin},
  journal={International Journal of Infectious Diseases},
  volume={94},
  pages={145--147},
  year={2020},
  publisher={Elsevier}
}

@article{
pruna2022onward,
author = {Ottavia Prunas  and Joshua L. Warren  and Forrest W. Crawford  and Sivan Gazit  and Tal Patalon  and Daniel M. Weinberger  and Virginia E. Pitzer },
title = {Vaccination with BNT162b2 reduces transmission of SARS-CoV-2 to household contacts in Israel},
journal = {Science},
volume = {375},
number = {6585},
pages = {1151-1154},
year = {2022},
doi = {10.1126/science.abl4292},
URL = {https://www.science.org/doi/abs/10.1126/science.abl4292},
eprint = {https://www.science.org/doi/pdf/10.1126/science.abl4292}}



@article{kerr2020controlling,
  title={Controlling COVID-19 via test-trace-quarantine},
  author={Kerr, Cliff C and Mistry, Dina and Stuart, Robyn M and Rosenfeld, Katherine and Hart, Gregory R and Nunez, Rafael C and Selvaraj, Prashanth and Cohen, Jamie A and Abeysuriya, Romesh G and George, Lauren and others},
  journal={medRxiv},
  year={2020},
  publisher={Cold Spring Harbor Laboratory Press}
}

@article{panovska2020determining,
  title={Determining the optimal strategy for reopening schools, the impact of test and trace interventions, and the risk of occurrence of a second COVID-19 epidemic wave in the UK: a modelling study},
  author={Panovska-Griffiths, Jasmina and Kerr, Cliff C and Stuart, Robyn M and Mistry, Dina and Klein, Daniel J and Viner, Russell M and Bonell, Chris},
  journal={The Lancet Child \& Adolescent Health},
  volume={4},
  number={11},
  pages={817--827},
  year={2020},
  publisher={Elsevier}
}

@article{panovska2022statistical,
  title={Statistical and agent-based modelling of the transmissibility of different SARS-CoV-2 variants in England and impact of different interventions},
  author={Panovska-Griffiths, Jasmina and Swallow, Ben and Hinch, Robert and Cohen, Jamie A and Rosenfeld, Katherine and Stuart, Robyn M and Ferretti, Luca and Di Lauro, Francesco and Wymant, Chris and Izzo, Amanda and others},
  journal={medRxiv},
  pages={2021--12},
  year={2022},
  publisher={Cold Spring Harbor Laboratory Press}
}


@article{creswell2022ptrsa-onwards,
  title={Statistical and agent-based modelling of the transmissibility of different SARS-CoV-2 variants in England and impact of different interventions},
  author={Creswell, R and Augustin, D and Bouros I and Farm, HJ and Miao, S and Ahern, A and Robinson, M and Lemenuel-Diot, A and Gavaghan, DJ and Lambert, B and Thompson, RN},
  journal={Philosophical Transaction of the Royal Society: Series A},
  year={2022},
}

@article{waites2022ptrsa-compositional,
  title={Compositional modelling of immune response and virus transmission dynamics},
  author={Waites, William and Cavaliere, Matteo and Danos, Vincent and Datta, Ruchira and Eggo, Rosalind M and Hallett, Timothy B and Manheim, David and Panovska-Griffiths, Jasmina and Russell, Timothy W and Zarnitsyna, Veronika I},
  journal={arXiv preprint arXiv:2111.02510},
  year={2022}
}

@article{li2022ptrsa-estimation,
  title={Estimation of local time-varying reproduction numbers in noisy surveillance data},
  author={Li, Wenrui and Bulekova, Katia and Gregor, Brian and White, Laura F and Kolaczyk, Eric D},
  journal={medRxiv},
  year={2022},
  publisher={Cold Spring Harbor Laboratory Preprints}
}

@article{ackland2022ptrsa-fitting,
  title={Fitting the Reproduction number from UK coronavirus case data, and why it is close to 1},
  author={Ackland, Graeme J and Ackland, James A and Antonioletti, Mario and Wallace, David J},
  journal={medRxiv},
  year={2022},
  publisher={Cold Spring Harbor Laboratory Press}
}


@article{voysey2021safety,
  title={Safety and efficacy of the {ChAdOx1 nCoV-19} vaccine (AZD1222) against {SARS-CoV-2}: an interim analysis of four randomised controlled trials in Brazil, South Africa, and the UK},
  author={Voysey, Merryn and Clemens, Sue Ann Costa and Madhi, Shabir A and Weckx, Lily Y and Folegatti, Pedro M and Aley, Parvinder K and Angus, Brian and Baillie, Vicky L and Barnabas, Shaun L and Bhorat, Qasim E and others},
  journal={The Lancet},
  volume={397},
  number={10269},
  pages={99--111},
  year={2021},
  publisher={Elsevier}
}

@article{wheatley2021evolution,
  title={Evolution of immune responses to SARS-CoV-2 in mild-moderate COVID-19},
  author={Wheatley, Adam K and Juno, Jennifer A and Wang, Jing J and Selva, Kevin J and Reynaldi, Arnold and Tan, Hyon-Xhi and Lee, Wen Shi and Wragg, Kathleen M and Kelly, Hannah G and Esterbauer, Robyn and others},
  journal={Nature communications},
  volume={12},
  number={1},
  pages={1--11},
  year={2021},
  publisher={Nature Publishing Group}
}


@article{wu2020generalized,
  title={Generalized logistic growth modeling of the COVID-19 outbreak: comparing the dynamics in the 29 provinces in China and in the rest of the world},
  author={Wu, Ke and Darcet, Didier and Wang, Qian and Sornette, Didier},
  journal={Nonlinear dynamics},
  volume={101},
  number={3},
  pages={1561--1581},
  year={2020},
  publisher={Springer}
}

@article{zhao2020modeling,
  title={Modeling the epidemic dynamics and control of COVID-19 outbreak in China},
  author={Zhao, Shilei and Chen, Hua},
  journal={Quantitative Biology},
  pages={1--9},
  year={2020},
  publisher={Springer}
}

@article{chang2020modelling,
  title={Modelling transmission and control of the COVID-19 pandemic in Australia},
  author={Chang, Sheryl L and Harding, Nathan and Zachreson, Cameron and Cliff, Oliver M and Prokopenko, Mikhail},
  journal={Nature communications},
  volume={11},
  number={1},
  pages={1--13},
  year={2020},
  publisher={Nature Publishing Group}
}

@article{moore2021vaccination,
  title={Vaccination and non-pharmaceutical interventions for {COVID-19}: a mathematical modelling study},
  author={Moore, Sam and Hill, Edward M and Tildesley, Michael J and Dyson, Louise and Keeling, Matt J},
  journal={The Lancet Infectious Diseases},
  volume={21},
  number={6},
  pages={793--802},
  year={2021},
  publisher={Elsevier}
}

@article{jentsch2021prioritising,
  title={Prioritising {COVID-19} vaccination in changing social and epidemiological landscapes: a mathematical modelling study},
  author={Jentsch, Peter C and Anand, Madhur and Bauch, Chris T},
  journal={The Lancet Infectious Diseases},
  volume={21},
  number={8},
  pages={1097--1106},
  year={2021},
  publisher={Elsevier}
}

@inproceedings{blakely2021association,
  title={Association of simulated {COVID-19} Policy Responses for Social Restrictions and Lockdowns With Health-Adjusted Life-Years and Costs in {V}ictoria, {A}ustralia},
  author={Blakely, Tony and Thompson, Jason and Bablani, Laxman and Andersen, Patrick and Ouakrim, Driss Ait and Carvalho, Natalie and Abraham, Patrick and Boujaoude, Marie-Anne and Katar, Ameera and Akpan, Edifofon and others},
  booktitle={JAMA Health Forum},
  volume={2},
  pages={e211749--e211749},
  year={2021},
  organization={American Medical Association}
}

@article{grout2021estimating,
  title={Failures of quarantine systems for preventing {COVID-19} outbreaks in {A}ustralia and {N}ew {Z}ealand },
  author={Grout, Leah M and Katar, Ameera and Ouakrim, Driss Ait and Summers, Jennifer A and Kvalsvig, Amanda and Baker, Michael G and Blakely, Tony and Wilson, Nick},
  journal={Medical Journal of Australia},
  month={October},
  volume={215},
  number={7},
  pages={320--324},
  year={2021},
  publisher={Wiley Online Library}
}


@article {McBryde_2021,
    author = {McBryde, E.S. and Meehan, M.T. and Caldwell, J.M. and Ragonnet, R. and Jayasundara, P. and Adekunle, A. I. and Kuddus, M. A. and Ogunlade, S. and Trauer, J.M. and Cope, R.C.},
    title = {Vaccination is {A}ustralia{\textquoteright}s most important {COVID-19} public health action, even though herd immunity is unlikely},
    year = {2021},
    publisher = {Cold Spring Harbor Laboratory Press},
    journal = {medRxiv},
    pages={2021.07.16.21260642}
}



@misc{doherty2021,
  author        = {Jodie McVernon and David Price and Trish Campbell and Nick Golding and Chris Baker and James Walker and Nic Geard and Freya Shearer and Eamon Conway and Michael Lydeamore and James Wood and Nic Rebuli and Joel Miller},
  title         = {Doherty Modelling Report -- Revised 10th {A}ugust 2021},
  address       = {Melbourne, VIC, Australia},
  year          = {2021},
  howpublished  = {\url{https://www.doherty.edu.au/uploads/content_doc/DohertyModelling_NationalPlan_and_Addendum_20210810.pdf}}
}


@article{baden2021effectiveness,
  title={Efficacy and safety of the {mRNA-1273 SARS-CoV-2} vaccine},
  author={Baden, Lindsey R and El Sahly, Hana M and Essink, Brandon and Kotloff, Karen and Frey, Sharon and Novak, Rick and Diemert, David and Spector, Stephen A and Rouphael, Nadine and Creech, C Buddy and others},
  journal={New England Journal of Medicine},
  volume={384},
  number={5},
  pages={403--416},
  year={2021},
  publisher={Mass Medical Soc}
}


@article{novavax2021,
  title={Safety and efficacy of NVX-CoV2373 Covid-19 vaccine},
  author={Heath, Paul T and Galiza, Eva P and Baxter, David N and Boffito, Marta and Browne, Duncan and Burns, Fiona and Chadwick, David R and Clark, Rebecca and Cosgrove, Catherine and Galloway, James and others},
  journal={New England Journal of Medicine},
  year={2021},
  publisher={Mass Medical Soc}
}

@article{macintyre2021modelling,
  title={Modelling of {COVID-19} vaccination strategies and herd immunity, in scenarios of limited and full vaccine supply in {NSW}, {A}ustralia},
  author={MacIntyre, C Raina and Costantino, Valentina and Trent, Mallory},
  journal={Vaccine},
  year={2021},
  publisher={Elsevier}
}

@article{flanagan2021sars,
  title={SARS-CoV-2 Vaccines: Where Are We Now?},
  author={Flanagan, Katie L and MacIntyre, C Raina and McIntyre, Peter B and Nelson, Michael R},
  journal={The Journal of Allergy and Clinical Immunology: In Practice},
  year={2021},
  publisher={Elsevier}
}

@article{zachreson2021will,
title = {How will mass-vaccination change {COVID-19} lockdown requirements in {A}ustralia?},
journal = {The Lancet Regional Health - Western Pacific},
volume = {14},
pages = {100224},
year = {2021},
author = {Cameron Zachreson and Sheryl L. Chang and Oliver M. Cliff and Mikhail Prokopenko},
}

@article {Bablani2021,
    author = {Bablani, Laxman and Wilson, Tim and Andrabi, Hassan and Sundararajan, Vijaya and Ait Ouakrim, Driss and Abraham, Patrick and Thompson, Jason and Blakely, Tony},
    title = {Can a vaccine-led approach end {NSW}{\textquoteright}s outbreak in 100 days, or at least substantially reduce morbidity and mortality?},
    year = {2021},
    publisher = {Cold Spring Harbor Laboratory Press},
    pages={2021.08.18.21262252},
    journal = {medRxiv}
}

@misc{abeysuriyaprojected,
  author={{Burnet Institute}},
  title={Projected epidemic outcomes for {COVID-19} strains against different vaccine rollouts},
  year= {2021},
  url = {https://burnet.edu.au/system/asset/file/4724/COVASIM_modelling_-_Impact_of_vaccines_on_epidemic_outcomes_Burnet_Institute_11_June_2021.pdf},
  note={Accessed 2022-02-18},
  publisher={{Burnet Institute}}
}


@article{britton2020mathematical,
  title={A mathematical model reveals the influence of population heterogeneity on herd immunity to SARS-CoV-2},
  author={Britton, Tom and Ball, Frank and Trapman, Pieter},
  journal={Science},
  volume={369},
  number={6505},
  pages={846--849},
  year={2020},
  publisher={American Association for the Advancement of Science}
}


@article{gazit2021comparing,
  title={SARS-CoV-2 naturally acquired immunity vs. vaccine-induced immunity, reinfections versus breakthrough infections: a retrospective cohort study},
  author={Gazit, Sivan and Shlezinger, Roei and Perez, Galit and Lotan, Roni and Peretz, Asaf and Ben-Tov, Amir and Herzel, Esma and Alapi, Hillel and Cohen, Dani and Muhsen, Khitam and others},
  journal={Clinical Infectious Diseases: An Official Publication of the Infectious Diseases Society of America},
  year={2022},
  publisher={Oxford University Press}
}


@article{gomes2022individual,
  title={Individual variation in susceptibility or exposure to SARS-CoV-2 lowers the herd immunity threshold},
  author={Gomes, M Gabriela M and Ferreira, Marcelo U and Corder, Rodrigo M and King, Jessica G and Souto-Maior, Caetano and Penha-Gon{\c{c}}alves, Carlos and Gon{\c{c}}alves, Guilherme and Chikina, Maria and Pegden, Wesley and Aguas, Ricardo},
  journal={Journal of theoretical biology},
  volume={540},
  pages={111063},
  year={2022},
  publisher={Elsevier}
}


@misc{abeysuriyaroadmap,
  author={Abeysuriya, Romesh G and Delport, Dominic and Sacks-Davis, Rachel and Hellard, Margaret  and Scott, Nick},
  title={Projected epidemic outcomes for {COVID-19} strains against different vaccine rollouts},
  year= {2021},
  url = {https://www.premier.vic.gov.au/sites/default/files/2021-09/210919\%20-\%20Burnet\%20Institute\%20-\%20Vic\%20Roadmap.pdf},
  note={Accessed 2022-04-28},
  publisher={{Burnet Institute}}
}


@article{chang2021nowcasting,
author={Chang, Sheryl L. and Cliff, Oliver M. and Zachreson, Cameron and Prokopenko, Mikhail},   
title={Simulating Transmission Scenarios of the Delta Variant of SARS-CoV-2 in Australia},      
journal={Frontiers in Public Health},      
volume={10},      
year={2022},      
url={https://www.frontiersin.org/article/10.3389/fpubh.2022.823043},     
}


@article{khoury2020measuring,
  title={Measuring immunity to SARS-CoV-2 infection: comparing assays and animal models},
  author={Khoury, David S and Wheatley, Adam K and Ramuta, Mitchell D and Reynaldi, Arnold and Cromer, Deborah and Subbarao, Kanta and O’Connor, David H and Kent, Stephen J and Davenport, Miles P},
  journal={Nature Reviews Immunology},
  volume={20},
  number={12},
  pages={727--738},
  year={2020},
  publisher={Nature Publishing Group}
}

@article{cohen2021mechanistic,
  title={Quantifying the role of naturally- and vaccine-derived neutralizing antibodies as a correlate of protection against COVID-19 variants},
  author={Cohen, Jamie A and Stuart, Robyn Margaret and Rosenfeld, Katherine and Lyons, Hil and White, Michael and Kerr, Cliff and Klein, Daniel J and Famulare, Michael},
  journal={medRxiv},
  year={2021},
  publisher={Cold Spring Harbor Laboratory Press}
}

@article{rockett2020revealing,
  title={Revealing COVID-19 transmission in Australia by SARS-CoV-2 genome sequencing and agent-based modeling},
  author={Rockett, Rebecca J and Arnott, Alicia and Lam, Connie and Sadsad, Rosemarie and Timms, Verlaine and Gray, Karen-Ann and Eden, John-Sebastian and Chang, Sheryl and Gall, Mailie and Draper, Jenny and others},
  journal={Nature medicine},
  volume={26},
  number={9},
  pages={1398--1404},
  year={2020},
  publisher={Nature Publishing Group}
}

@article{cacciapaglia2020second,
  title={Second wave COVID-19 pandemics in Europe: a temporal playbook},
  author={Cacciapaglia, Giacomo and Cot, Corentin and Sannino, Francesco},
  journal={Scientific reports},
  volume={10},
  number={1},
  pages={1--8},
  year={2020},
  publisher={Nature Publishing Group}
}

@article{covid2020modeling,
  title={Modeling COVID-19 scenarios for the United States.},
  author={COVID, Team IHME and Reiner, RC and Barber, RM and Collins, JK},
  journal={Nature medicine},
  year={2020}
}


@article{hyde2020covid,
  title={COVID-19, children, and schools: overlooked and at risk},
  author={Hyde, Zo{\"e}},
  journal={Med J Aust},
  volume={213},
  number={10},
  pages={444--446},
  year={2020}
}


@inproceedings{optuna_2019,
    title={Optuna: A Next-generation Hyperparameter Optimization Framework},
    author={Akiba, Takuya and Sano, Shotaro and Yanase, Toshihiko and Ohta, Takeru and Koyama, Masanori},
    booktitle={Proceedings of the 25rd {ACM} {SIGKDD} International Conference on Knowledge Discovery and Data Mining},
    year={2019}
}

@article{stuart2020nswmasks,
  title={Role of masks, testing and contact tracing in preventing COVID-19 resurgences: a case study from {N}ew {S}outh {W}ales, {A}ustralia},
  author={Stuart, Robyn M and Abeysuriya, Romesh G and Kerr, Cliff C and Mistry, Dina and Klein, Dan J and Gray, Richard T and Hellard, Margaret and Scott, Nick},
  journal={BMJ open},
  volume={11},
  number={4},
  pages={e045941},
  year={2021},
  publisher={British Medical Journal Publishing Group}
}



@article{scott2020modelling,
  title={Modelling the impact of relaxing {COVID-19} control measures during a period of low viral transmission},
  author={Scott, Nick and Palmer, Anna and Delport, Dominic and Abeysuriya, Romesh and Stuart, Robyn M and Kerr, Cliff C and Mistry, Dina and Klein, Daniel J and Sacks-Davis, Rachel and Heath, Katie and others},
  journal={Medical Journal of Australia},
  volume={214},
  number={2},
  pages={79--83},
  year={2021},
  publisher={Wiley Online Library}
}


@article{aleta2020modeling,
  title={Modeling the impact of social distancing, testing, contact tracing and household quarantine on second-wave scenarios of the COVID-19 epidemic},
  author={Aleta, Alberto and Martin-Corral, David and y Piontti, Ana Pastore and Ajelli, Marco and Litvinova, Maria and Chinazzi, Matteo and Dean, Natalie E and Halloran, M Elizabeth and Longini Jr, Ira M and Merler, Stefano and others},
  journal={medRxiv},
  year={2020},
  publisher={Cold Spring Harbor Laboratory Preprints}
}

@article{haug2020ranking,
  title={Ranking the effectiveness of worldwide COVID-19 government interventions},
  author={Haug, Nils and Geyrhofer, Lukas and Londei, Alessandro and Dervic, Elma and Desvars-Larrive, Am{\'e}lie and Loreto, Vittorio and Pinior, Beate and Thurner, Stefan and Klimek, Peter},
  journal={Nature human behaviour},
  pages={1--10},
  year={2020},
  publisher={Nature Publishing Group}
}


@article{biddle_change_2021,
	title = {Change in vaccine willingness in Australia: August 2020 to January 2021},
	pages = {2021.02.17.21251957},
	journal = {{medRxiv}},
	author = {Biddle, Nicholas and Edwards, Ben and Gray, Matthew and Sollis, Kate},
	date = {2021-02-19},
	year={2021},
	publisher = {Cold Spring Harbor Laboratory Press}
}

@article{burra_temperature_2021,
	title = {Temperature and {Latitude} {Correlate} with {SARS}-{CoV}-2 {Epidemiological} {Variables} but not with {Genomic} {Change} {Worldwide}},
	volume = {17},
	issn = {1176-9343},
	doi = {10.1177/1176934321989695},
	language = {en},
	journal = {Evolutionary Bioinformatics},
	author = {Burra, Prakruthi and Soto-Díaz, Katiria and Chalen, Izan and Gonzalez-Ricon, Rafael Jaime and Istanto, Dave and Caetano-Anollés, Gustavo},
	month = jan,
	year = {2021},
	Publisher= {SAGE Publications Ltd STM},
	pages = {1176934321989695},
	}
	
	
	@article{lazarus_global_2021,
	title = {A global survey of potential acceptance of a {COVID}-19 vaccine},
	volume = {27},
	rights = {2020 The Author(s), under exclusive licence to Springer Nature America, Inc.},
	issn = {1546-170X},
	pages = {225--228},
	number = {2},
	journal = {Nature Medicine},
	author = {Lazarus, Jeffrey V. and Ratzan, Scott C. and Palayew, Adam and Gostin, Lawrence O. and Larson, Heidi J. and Rabin, Kenneth and Kimball, Spencer and El-Mohandes, Ayman},
	date = {2021-02},
	year=2021,
	publisher = {Nature Publishing Group},
	}
	
@article{bernal_delta_2021,
    title = {Effectiveness of {Covid-19} Vaccines against the {B.1.617.2} (Delta) Variant},
    issn = {1533-4406},
    journal = {New England Journal of Medicine},
    author = {{Lopez Bernal}, J. and Andrews, N. and Gower, C. and Gallagher, E. and Simmons, R. and Thelwall, S. and Stowe, J. and Tessier, E. and Groves, N. and Dabrera, G. and Myers, R. and Campbell, C. N. J. and others},
    date = {2021-07-21},
    year = {2021},
    volume = {385},
    number = {7},
    pages = {585--594},
    publisher = {the Massachusetts Medical Society},
    }
    
@article{Foy_india_2021,
    title = {Comparing COVID-19 vaccine allocation strategies in India: A mathematical modelling study},
    volume = {103},
    pages = {431-438},
    journal = {International Journal of Infectious Diseases},
    author = {Foy, B. H. and Wahl, B. and Mehta, K. and Shet, A. and Menon, G. I. and Britto, C.},
    date = {2021-02},
    year={2021},
    issn = {1201-9712},
    publisher = {Elsevier},
    }
    
@article{grauer_spacetemp_2020,
    title = {Strategic spatiotemporal vaccine distribution increases the survival rate in an infectious disease like Covid-19},
    volume = {10},
    number = {21594},
    issn = {2045-2322},
    journal = {Scientific Reports},
    author = {Grauer, J. and Lowen, H. and Liebchen, B.},
    date = {2020},
    year={2020},
    publisher = {Nature Publishing Group},
    }
    
@article{Li_usa_2021,
    title = {Returning to a normal life via COVID-19 vaccines in the USA: a large-scale agent-based simulation study},
    volume ={9},
    number = {4},
    doi = {10.2196/27419},
    journal = {KMIR Medical Informatics},
    year={2021},
    author = {Li, J . and Giabbanelli, P.},
    date = {2021-04-29},
    publisher = {JMIR Publications},
    }
    
@article{Gerrish_evolution_2021,
    title = {How unequal vaccine distribution promotes the evolution of vaccine escape},
    doi = {https://doi.org/10.1101/2021.03.27.21254453},
    journal = {medRxiv},
    author = {Gerrish, P. J. and Saldana, F. and Galeota-Sprung, G. and Colato, A. and Rodriguez, E. E. and Hernandex, J. X. V.},
    publisher = {Cold Spring HarborLaboratory Press},
    date = {2021-04-01},
    year={2021},
    }
    
@article{wf_geographic_2021,
    title = {Geographically-targeted COVID-19 vaccination is more equitable and averts more deaths than age-based thresholds alone},
    doi = {https://doi.org/10.1101/2021.03.25.21254272},
    journal = {medRxiv},
    author = {Wrigley-Field, E. and Kiang, M. V. and Riley, A. R. and Barbieri, M. and Chen, Y. and Duchowny, K. A. and Matthay, E. C. and Riper, D. V. and Jegathesan, K. and Bibbins-Domingo, K. and Leider, J. P.},
    publisher = {Cold Spring Harbor Laboratory},
    date = {2021-07-07},
    year={2021}
    }
    
@article{saadroy_dosing_2021,
    title = {Epidemiological and evolutionary considerations of SARS-CoV-2 vaccine dosing regimes},
    doi = {10.1126/science.abg8663},
    volume = {372},
    number = {6540},
    pages = {363-370},
    date = {2021-04-23},
    journal = {Science},
    author = {Saad-Roy, C. M. and Morris, S. E. and Metcalf, C. J. E. and Mina, M. J. and Baker, R. E. and Farrar, J. and Holmes, E. C. and Pybus, O. G. and Graham, A. L. and Levin, S. A. and Grenfell, B. T. and Wagner, C. E.},
    publisher = {American Association for the Advancement of Science},
    year={2021},
    }
    
@article{fitzpatrick_age_2021,
    title = {Optimizing age-specific vaccination},
    doi = {10.1126/science.abg2334},
    volume = {371},
    number = {6532},
    pages = {890-891},
    date = {2021-02-26},
    year={2021},
    journal = {Science},
    author = {Fitzpatrick, M. C. and Galvani, A. P.},
    publisher = {American Association for the Advancement of Science},
    }
    
@article{bubar_vaccination_2021,
    title = {Model-informed COVID-19 vaccine prioritization strategies by age and serostatus},
    doi = {10.1126/science.abe6959},
    volume = {371},
    number = {6532},
    pages = {916-921},
    date = {2021-02-26},
    year={2021},
    journal = {Science},
    author = {Bubar, K. M. and Reinholt, K. and Kissler, S. M. and Lipsitch, M. and Cobey, S. and Grad, Y. H. and Larremore, D. B},
    publisher = {American Association for the Advancement of Science},
    }
    
@article{williams_outbreak_2021,
  title={An outbreak caused by the {SARS-CoV-2} {D}elta ({B.1.617.2}) variant in a care home after partial vaccination with a single dose of the {COVID-19} vaccine {V}axzevria, {L}ondon, {E}ngland, {A}pril 2021},
  author={Williams, Sarah V and Vusirikala, Amoolya and Ladhani, Shamez N and De Olano, Elena Fernandez Ruiz and Iyanger, Nalini and Aiano, Felicity and Stoker, Kelly and Rao, Guduru Gopal and John, Laurence and Patel, Bharat and others},
  journal={Eurosurveillance},
  volume={26},
  number={27},
  pages={2100626},
  year={2021},
  publisher={European Centre for Disease Prevention and Control}
}

    
@article{kucharski_fakenews_2016,
  title={Study epidemiology of fake news},
  author={Kucharski, Adam},
  journal={Nature},
  volume={540},
  number={7634},
  pages={525--525},
  year={2016},
  publisher={Nature Publishing Group}
}

@article{althaus2021tale,
  title={A tale of two variants: Spread of SARS-CoV-2 variants Alpha in Geneva, Switzerland, and Beta in South Africa},
  author={Althaus, Christian L and Baggio, Stephanie and Reichmuth, Martina L and Hodcroft, Emma B and Riou, Julien and Neher, Richard A and Jacquerioz, Frederique and Spechbach, Herve and Salamun, Julien and Vetter, Pauline and others},
  journal={MedRxiv},
  year={2021},
  publisher={Cold Spring Harbor Laboratory Press}
}

@article{dyson2021possible,
  title={Possible future waves of SARS-CoV-2 infection generated by variants of concern with a range of characteristics},
  author={Dyson, Louise and Hill, Edward M and Moore, Sam and Curran-Sebastian, Jacob and Tildesley, Michael J and Lythgoe, Katrina A and House, Thomas and Pellis, Lorenzo and Keeling, Matt J},
  journal={Nature communications},
  volume={12},
  number={1},
  pages={1--13},
  year={2021},
  publisher={Nature Publishing Group}
}

    
@article{vosoughi_online_2018,
    title = {The spread of true and false news online},
    volume = {259},
    number = {6380},
    pages = {1146-1151},
    date = {2018-03-09},
    journal = {Science},
    year={2018},
    author = {Vosoughi, S. and Roy, D. and Aral, S.},
    publisher = {American Association for the Advancement of Science},
    }
    
    
@article{Monti_news_2019,
  title={Fake news detection on social media using geometric deep learning},
  author={Monti, Federico and Frasca, Fabrizio and Eynard, Davide and Mannion, Damon and Bronstein, Michael M},
  journal={arXiv},
  pages={1902.06673},
  year={2019}
}

    
@article{az_clot_2021,
    title = {Thrombotic Thrombocytopenia after {ChAdOx1 nCov-19} vaccination},
    volume = {384},
    pages = {2092-2101},
    year={2021},
    journal = {New England Journal of Medicine},
    author = {Greinacher, A. and Thiele, T. and Warkentin, T. E. and Weisser, K. and Kyrle, P. A. and Eichinger, S.},
    publisher = {the Massachusetts Medical Society},
    }
    
@misc{qld_rollout_2021,
    author = {Australian Government Department of Health},
    title = {Covid-19 vaccination- Australia's COVID-19 vaccine national roll-out strategy},
    month = {January},
    year = {2021},
    url = {https://www.health.gov.au/sites/default/files/documents/2021/01/covid-19-vaccination-australia-s-covid-19-vaccine-national-roll-out-strategy.pdf},
    }
    
@misc{op-covid-shield-2021,
    author={Australian Government},
    title={Op COVID SHIELD National COVID Vaccine Campaign Plan},
    month={August},
    year={2021},
    url={https://assets.publishing.service.gov.uk/government/uploads/system/uploads/attachment_data/file/1077180/Technical-Briefing-42-20May2022.pdf}
    } 
    
    
@article{giordano2021modeling,
  title={Modeling vaccination rollouts, {SARS-CoV-2} variants and the requirement for non-pharmaceutical interventions in {I}taly},
  author={Giordano, Giulia and Colaneri, Marta and Di Filippo, Alessandro and Blanchini, Franco and Bolzern, Paolo and De Nicolao, Giuseppe and Sacchi, Paolo and Colaneri, Patrizio and Bruno, Raffaele},
  journal={Nature Medicine},
  volume={27},
  number={6},
  pages={993--998},
  year={2021},
  publisher={Nature Publishing Group}
}
    
@misc{uk-hsa-may-2022,
    author={UK Health Security Agency},
    title={{SARS-CoV-2 variants of concern and
variants under investigation in England}},
    month={May},
    year={2022},
    url={https://www.health.gov.au/sites/default/files/documents/2021/08/op-covid-shield-national-covid-vaccine-campaign-plan.pdf}
    }
    
@misc{WHO_vaccines,
    author = {{World Health Organization}},
    title = {Status of {COVID-19} Vaccines within {WHO} {EUL}/{PQ} evaluation process},
    month = {January},
    year = {2021},
    url = {https://extranet.who.int/pqweb/sites/default/files/documents/Status_COVID_VAX_20Jan2021_v2.pdf},
    editor={{World Health Organization}},
    publisher={{{World Health Organization}}}
    }
    
@article{butt_effectiveness_2021,
   title = {Effectiveness of the BNT162b2 Covid-19 Vaccine against the B.1.1.7 and B.1.351 Variants},
   volume = {285},
   pages = {187-189},
   doi = {10.1056/NEJMc2104974},
   date = {2021-07-08},
   year={2021},
   journal = {New England Journal of Medicine},
   author = {Abu-Raddad, L. J. and Butt, A. A.},
   publisher = {the Massachusetts Medical Society},
   }

@article{litton_surge_2020,
	title = {Surge capacity of intensive care units in case of acute increase in demand caused by {COVID}‐19 in Australia},
	volume = {212},
	issn = {0025-729X},
	url = {https://www.mja.com.au/journal/2020/212/10/surge-capacity-intensive-care-units-case-acute-increase-demand-caused-covid-19},
	year = {2020},
	number = {10},
	journal = {Medical Journal of Australia},
	author = {Litton, Edward and Bucci, Tamara and Chavan, Shaila and Ho, Yvonne Y. and Holley, Anthony and Howard, Gretta and Huckson, Sue and Kwong, Philomena and Millar, Johnny and Nguyen, Nhi and Secombe, Paul and Ziegenfuss, Marc and Pilcher, David},
	date = {2020-05-04}
}

@article{halpern_critical_2010,
	title = {Critical care medicine in the United States 2000-2005: an analysis of bed numbers, occupancy rates, payer mix, and costs},
	volume = {38},
	issn = {1530-0293},
	doi = {10.1097/CCM.0b013e3181b090d0},
	pages = {65--71},
	number = {1},
	journal = {Critical Care Medicine},
	author = {Halpern, Neil A. and Pastores, Stephen M.},
	date = {2010-01},
	year={2010},
	pmid = {19730257},
}


@article{milne2022wa,
  title={SARS-CoV-2 Omicron disease burden in Australia following border reopening: a modelling analysis},
  author={Milne, George J and Carrivick, Julian},
  journal={medRxiv},
  year={2022},
  publisher={Cold Spring Harbor Laboratory Press}
}

@misc{ukhsa-vaccine-omicron,
    author={{UK Health Security Agency}},
    title={{SARS-CoV-2} variants of concern and variants under investigation in {E}ngland},
    month={December},
    year={2021},
    url={https://assets.publishing.service.gov.uk/government/uploads/system/uploads/attachment_data/file/1045619/Technical-Briefing-31-Dec-2021-Omicron_severity_update.pdf}    }


@misc{qimr-borders-delta,
    author={{QIMR Berghofer}},
    title={{Modelling COVID-19 in Queensland: Preliminary modelling of reopening scenarios on meeting vaccination targets}},
    month={October},
    year={2021},
    url={https://www.covid19.qld.gov.au/\_\_data/assets/pdf\_file/0030/216939/qimr-berghofer-modelling-covid-in-qld-report.pdf}}
    
@misc{qld-omicron-peak-1,
	title = {{Queensland records nine COVID-19 deaths, 13,551 new cases, as Gold Coast hospitalisations drop after Omicron peak}},
	url = {https://www.abc.net.au/news/2022-01-26/qld-coronavirus-covid19-deaths-hospitalisations-cases/100780948},
	urldate = {2022-04-29},
	author = {{ABC News}},
	year = {2022}
}

@misc{qld-omicron-ba1-84,
	title = {{Queensland reported BA.1 (Omicron) at 84\% by 28 December.}},
	url = {https://twitter.com/Mike_Honey_/status/1479293930722058241/photo/1},
	urldate = {2022-04-28},
	author = {Mike Honey},
	year = {2022}
}



@article{altarawneh2022protection,
  title={Protection against the omicron variant from previous SARS-CoV-2 infection},
  author={Altarawneh, Heba N and Chemaitelly, Hiam and Hasan, Mohammad R and Ayoub, Houssein H and Qassim, Suelen and AlMukdad, Sawsan and Coyle, Peter and Yassine, Hadi M and Al-Khatib, Hebah A and Benslimane, Fatiha M and others},
  journal={New England Journal of Medicine},
  volume={386},
  number={13},
  pages={1288--1290},
  year={2022},
  publisher={Mass Medical Soc}
}

@misc{qld-omicron-peak-2,
	title = {{Queensland's COVID-19 Omicron wave could have been 'a much worse situation', infectious diseases expert says}},
	url = {https://www.abc.net.au/news/2022-01-27/qld-coronavirus-covid19-have-missed-worst-omicron-wave/100777948},
	urldate = {2022-04-29},
	author = {{ABC News}},
	year = {2022}
}


@misc{ukhsa-vaccine-waning,
    author={{UK Health Security Agency}},
    title={{COVID-19} vaccine surveillance report},
    month={February},
    year={2022},
    url={https://assets.publishing.service.gov.uk/government/uploads/system/uploads/attachment_data/file/1054071/vaccine-surveillance-report-week-6.pdf},
    }

@article{pouwels2021vax_eff, 
    title   = {Effect of {D}elta variant on viral burden and vaccine effectiveness against new {SARS-CoV-2} infections in the {UK}}, 
    author  = {Pouwels, Koen and Pritchard, Emma and Matthews, Philippa C. and Stoesser, Nicole and Eyre, David W. and Vihta, Karina-Doris and House, Thomas and Hay, Jodie and Bell, John I. and Newton, John N. and Farrar, Jeremy and Crook, Derrick and Cook, Duncan and Rourke, Emma and Studley, Ruth and Peto, Tim E. A. and Diamond, Ian and Walker, A. Sarah}, 
    volume = {27}, 
    pages = {2127--2135}, 
    year = {2021},
    journal={Nature Medicine},
    publisher={Nature Publishing Group}
}

@article{chemaitelly-qatar-waning,
author = {Chemaitelly, Hiam and Tang, Patrick and Hasan, Mohammad R. and AlMukdad, Sawsan and Yassine, Hadi M. and Benslimane, Fatiha M. and Al Khatib, Hebah A. and Coyle, Peter and Ayoub, Houssein H. and Al Kanaani, Zaina and Al Kuwari, Einas and Jeremijenko, Andrew and Kaleeckal, Anvar H. and Latif, Ali N. and Shaik, Riyazuddin M. and Abdul Rahim, Hanan F. and Nasrallah, Gheyath K. and Al Kuwari, Mohamed G. and Al Romaihi, Hamad E. and Butt, Adeel A. and Al-Thani, Mohamed H. and Al Khal, Abdullatif and Bertollini, Roberto and Abu-Raddad, Laith J.},
title = {Waning of {BNT162b2} Vaccine Protection against {SARS-CoV-2} Infection in {Q}atar},
journal = {New England Journal of Medicine},
volume = {385},
number = {24},
pages = {e83},
year = {2021},
}

@misc{air_vax_data, 
author = {{Australian Government Department of Health}}, 
title = {{A}ustralian {COVID-19} {V}accination {D}ata and  {WA} {H}ealth}, url = {https://github.com/jxeeno/aust-govt-covid19-vaccine-pdf/blob/master/docs/data/air.csv}, month = {February}, year = {2022}, note = "(accessed: 18/02/2022)"}
publisher={{Australian Government - Department of Health}}
}

@misc{qld_stats_data, 
author = {{Australian Government Department of Health}}, 
title = {Population growth, {Q}ueensland, September quarter 2021}, url = {https://www.qgso.qld.gov.au/issues/3091/population-growth-qld-202109.pdf}, month = {September}, year = {2021}, note = "(accessed: 28/04/2022)"}
publisher={{Queensland Government Statistician’s Office}}
}

@misc{cdc_params,
author={{Centre for Disease Control and Prevention}}, 
title={{COVID-19 Response Team}. Severe outcomes
among patients with coronavirus disease 2019 (COVID-19)—United States, February 12-
March 16, 2020. MMWR Morb Mortal Wkly Rep 2020},
pages={343--346}
}

@misc{ferguson2020_pars,
author={Ferguson, N and Laydon, D and {Nedjati Gilani}, G, et al}, 
title={Report 9: Impact of non-pharmaceutical
interventions (NPIs) to reduce COVID19 mortality and healthcare demand},
year={2020},
url={https://www.imperial.ac.uk/media/imperial-college/medicine/sph/ide/gida-fellowships/Imperial-College-COVID19-NPI-modelling-16-03-2020.pdf}}

@article{zhang2020changes,
  title={Changes in contact patterns shape the dynamics of the COVID-19 outbreak in China},
  author={Zhang, Juanjuan and Litvinova, Maria and Liang, Yuxia and Wang, Yan and Wang, Wei and Zhao, Shanlu and Wu, Qianhui and Merler, Stefano and Viboud, C{\'e}cile and Vespignani, Alessandro and others},
  journal={Science},
  volume={368},
  number={6498},
  pages={1481--1486},
  year={2020},
  publisher={American Association for the Advancement of Science}
}

@article{verity2020estimates,
  title={Estimates of the severity of coronavirus disease 2019: a model-based analysis},
  author={Verity, Robert and Okell, Lucy C and Dorigatti, Ilaria and Winskill, Peter and Whittaker, Charles and Imai, Natsuko and Cuomo-Dannenburg, Gina and Thompson, Hayley and Walker, Patrick GT and Fu, Han and others},
  journal={The Lancet infectious diseases},
  volume={20},
  number={6},
  pages={669--677},
  year={2020},
  publisher={Elsevier}
}



@misc{pfizer_12_15,
	title = {Children aged 12 to 15 years now eligible for {COVID}-19 vaccine},
	author = {{Prime Minister of Australia}},
	url = {https://www.pm.gov.au/media/children-aged-12-15-years-now-eligible-covid-19-vaccine},
	urldate = {2022-04-29}
}

@misc{pfizer_5_11,
	title = {Australia vaccinating children against {COVID}-19 from early next year},
	url = {https://www.health.gov.au/news/australia-vaccinating-children-against-covid-19-from-early-next-year},
	urldate = {2022-04-29},
	author = {{Australian Government Department of Health}},
	month = dec,
	year = {2021}
}


% https://grattan.edu.au/wp-content/uploads/2021/07/Race-to-80-our-best-shot-at-living-with-COVID-Grattan-Report.pdf    
%@article{grattan_}

% https://www.health.gov.au/sites/default/files/documents/2021/08/op-covid-shield-national-covid-vaccine-campaign-plan.pdf 
